%% Este arquivo deve ser salvo com a codificação UTF-8,
%% Veja como configurar o Jabref para utilização com o abnTeX2:
%% https://github.com/abntex/abntex2/wiki/JabRef


@inproceedings{bertaglia2016exploring,
  title={Exploring Word Embeddings for Unsupervised Textual User-Generated Content Normalization},
  author={Bertaglia, Thales Felipe Costa and Nunes, Maria das Gra{\c{c}}as Volpe},
  booktitle={Proceedings of the 2nd Workshop on Noisy User-generated Text (WNUT)},
  pages={112--120},
  year={2016}
}
