@inproceedings{bertaglia2016exploring,
  title = {Exploring Word Embeddings for Unsupervised Textual User-Generated Content Normalization},
  author = {Bertaglia, Thales Felipe Costa and Nunes, Maria das Gra{\c{c}}as Volpe},
  booktitle = {Proceedings of the 2nd Workshop on Noisy User-generated Text (WNUT)},
  pages = {112--120},
  year = {2016}
}
@article{de2020democracia,
  title = {A democracia frustrada},
  author = {De Carvalho, Lucas Borges de},
  journal = {Internet e Sociedade,[S. l.]},
  volume = {1},
  number = {1},
  pages = {172--199},
  year = {2020},
  subtitle = {fake news, pol{\'\i}tica e liberdade de express{\~a}o nas redes sociais}
}
@article{siqueira2024impacto,
  title = {O IMPACTO DAS M{\'I}DIAS SOCIAIS NA SA{\'U}DE MENTAL DE ADOLESCENTES E JOVENS ADULTOS},
  author = {Siqueira, Lowhana Farias and Teixeira, Cristovan Maciel and de Lima Cavalcante, Yane Vit{\'o}ria and Melo, Francisco Jailson Portela and dos Reis Porfirio, Keren and Lima Filho, Antonio Cezar Queiroz and Alves, Jos{\'e} Alex Almeida and Aguiar Filho, Vanderlei Ribeiro and Moita, Fernando {\'E}riton Aguiar and Oliveira, Vanessa de Ar{\^e}a Le{\~a}o Ramos and others},
  journal = {Brazilian Journal of Implantology and Health Sciences},
  volume = {6},
  number = {10},
  pages = {1384--1390},
  year = {2024}
}
@article{santana2023capitulo,
  title = {Cap{\'\i}tulo 23 PLN em Redes Sociais},
  author = {Santana, Brenda S and de Freitas, Larissa A},
  year = {2023}
}
@article{lopes2024otimizaccao,
  title = {Otimiza{\c{c}}{\~a}o de aplica{\c{c}}{\~o}es de Processamento de Linguagem Natural para An{\'a}lise de Sentimentos},
  author = {Lopes, Anderson Claiton},
  year = {2024},
  publisher = {Universidade Estadual Paulista (Unesp)}
}
@inproceedings{malheiros2014emotte,
  title = {Emotte},
  author = {Malheiros, Yuri},
  booktitle = {Anais Estendidos do XX Simp{\'o}sio Brasileiro de Sistemas Multim{\'\i}dia e Web},
  pages = {62--65},
  year = {2014},
  organization = {SBC},
  subtitle = {Uma ferramenta de an{\'a}lise de sentimentos para o Twitter}
}
@article{vaillant2022ferramenta,
  title = {Ferramenta de an{\'a}lise de sentimentos de tweets},
  author = {Vaillant, Eduardo Brito},
  year = {2022},
  publisher = {Cachoeiro de Itapemirim}
}
@inproceedings{malheiros2013ferramenta,
  title = {Uma ferramenta para an{\'a}lise de sentimentos em redes sociais utilizando o senticnet},
  author = {Malheiros, Yuri and Lima, George},
  booktitle = {Simp{\'o}sio Brasileiro de Sistemas de Informa{\c{c}}{\~a}o (SBSI)},
  pages = {517--522},
  year = {2013},
  organization = {SBC}
}
@article{moreira2024analise,
  title = {An{\'a}lise de sentimentos e emo{\c{c}}{\~o}es com o uso da ferramenta Orange Datamining},
  author = {Moreira, Benjamin Grando and Pfitscher, Ricardo Jose and Camargo, Luiz Carlos and Garcia, Tatiana Renata},
  journal = {Anais do Computer on the Beach},
  volume = {15},
  pages = {352--354},
  year = {2024},
  subtitle = {uma avalia{\c{c}}{\~a}o a partir da tradu{\c{c}}{\~a}o dos textos do portugu{\^e}s}
}
@article{dosferramenta,
  title = {UMA FERRAMENTA PARA AN{\'A}LISE DE SENTIMENTOS DE TWEETS EM PORTUGU{\^E}S},
  author = {dos Santos Miguel, Rodrigo and Barbosa, Yuri de Almeida Malheiros},
  year = {2018}
}
@article{gamallo2017linguakit,
  title = {LinguaKit},
  author = {Gamallo, Pablo and Garcia, Marcos},
  journal = {Linguam{\'a}tica},
  volume = {9},
  number = {1},
  pages = {19--28},
  year = {2017},
  subtitle = {uma ferramenta multilingue para a an{\'a}lise lingu{\'\i}stica e a extra{\c{c}}{\~a}o de informa{\c{c}}{\~a}o}
}
@article{deaplicando,
  title = {APLICANDO PLN PARA AN{\'A}LISE DE SENTIMENTOS DO TWITTER},
  author = {de Jesus, Elias Lemes and Ferreira, Daniela Carvalho Monteiro},
  year = {2020}
}
@article{bilo2023ferramenta,
  title = {Ferramenta para an{\'a}lise de sentimentos em postagens no Moodle},
  author = {Bilo, Henrique Alves},
  year = {2023}
}
@phdthesis{da2010bestchoice,
  title = {Bestchoice},
  author = {da Silva, Nelson G Rocha},
  year = {2010},
  school = {Tese de gradua{\c{c}}{\~a}o, Universidade Federal de Pernambuco, Recife, 2010. 7, 17},
  subtitle = {Classifica{\c{c}}{\~a}o de sentimento em ferramentas de express{\~a}o de opini{\~a}o}
}
@article{lima2021redes,
  title = {Redes sociais como ferramentas de transpar{\^e}ncia em tempos de covid-19},
  author = {Lima, Paulo Ricardo Silva and Mota, Francisca Rosaline Leite and Cass{\'e}, Ana Paula Orico Marques and Sales, Tarlane Gomes Ten{\'o}rio},
  journal = {Logeion: Filosofia da Informa{\c{c}}{\~a}o},
  volume = {7},
  number = {2},
  pages = {88--107},
  year = {2021},
  subtitle = {uma an{\'a}lise das publica{\c{c}}{\~o}es dos boletins epidemiol{\'o}gicos do estado de alagoas}
}
@article{pompei2021redes,
  title = {REDES SOCIAIS},
  author = {Pompei, Tel{\^e}maco and Gouveia, Lu{\'\i}s Manuel Borges and RAMOS, Paulo Fonseca Matos da Silva},
  journal = {Revista em Sociedade, Belo Horizonte},
  volume = {3},
  number = {2},
  pages = {93--111},
  year = {2021},
  subtitle = {influ{\^e}ncia, identidade e diferen{\c{c}}a na contemporaneidade.}
}
@inproceedings{hutto2014vader,
  title = {Vader},
  author = {Hutto, Clayton and Gilbert, Eric},
  booktitle = {Proceedings of the international AAAI conference on web and social media},
  volume = {8},
  number = {1},
  pages = {216--225},
  year = {2014},
  subtitle = {A parsimonious rule-based model for sentiment analysis of social media text}
}
